@ARTICLE{AHF,
    author = {{Knollmann}, S.~R. and {Knebe}, A.},
    title = "{AHF: Amiga's Halo Finder}",
    journal = {\apj},
    archivePrefix = "arXiv",
    eprint = {0904.3662},
    keywords = {methods: numerical},
    year = 2009,
    month = jun,
    volume = 182,
    pages = {608-624},
    doi = {10.1088/0067-0049/182/2/608},
    adsurl = {http://adsabs.harvard.edu/abs/2009ApJS..182..608K},
    adsnote = {Provided by the SAO/NASA Astrophysics Data System}
}

@ARTICLE{AMR,
   author = {{Berger}, M.~J. and {Colella}, P.},
    title = "{Local adaptive mesh refinement for shock hydrodynamics}",
  journal = {Journal of Computational Physics},
 keywords = {Conservation Laws, Grid Generation (Mathematics), Hydrodynamics, Shock Waves, Algorithms, Boundary Integral Method, Discontinuity, Error Analysis, Euler Equations Of Motion, Numerical Analysis},
     year = 1989,
    month = may,
   volume = 82,
    pages = {64-84},
      doi = {10.1016/0021-9991(89)90035-1},
   adsurl = {http://adsabs.harvard.edu/abs/1989JCoPh..82...64B},
  adsnote = {Provided by the SAO/NASA Astrophysics Data System}
}

@article{ASOHF,
    author = {{Planelles, S.} and {Quilis, V.}},
    title = {ASOHF: a new adaptive spherical overdensity halo finder},
    DOI= "10.1051/0004-6361/201014214",
    url= "https://doi.org/10.1051/0004-6361/201014214",
    journal = {\aap},
    year = 2010,
    volume = 519,
    pages = "A94",
    month = "",
}

@unpublished{bachelor_thesis,
	author={Ivkovic, Mladen},
	title={Halo and Sub-Halo Finding in
	Cosmological N-body Simulations},
	school={University of Zurich},
	year={2017},
	note={Unpublished bachelor thesis}
}

@ARTICLE{Behroozi,
	author = {{Behroozi}, P.~S. and {Wechsler}, R.~H. and {Conroy}, C.},
	title = "{The Average Star Formation Histories of Galaxies in Dark Matter Halos from z = 0-8}",
	journal = {\apj},
	archivePrefix = "arXiv",
	eprint = {1207.6105},
	primaryClass = "astro-ph.CO",
	keywords = {dark matter, galaxies: abundances, galaxies: evolution, methods: numerical},
	year = 2013,
	month = jun,
	volume = 770,
	eid = {57},
	pages = {57},
	doi = {10.1088/0004-637X/770/1/57},
	adsurl = {http://adsabs.harvard.edu/abs/2013ApJ...770...57B},
	adsnote = {Provided by the SAO/NASA Astrophysics Data System}
}

@ARTICLE{CLF,
    author = {{Vale}, A. and {Ostriker}, J.~P.},
    title = "{The non-parametric model for linking galaxy luminosity with halo/subhalo mass}",
    journal = {\mnras},
    eprint = {astro-ph/0511816},
    keywords = {galaxies: haloes: cosmology: theory: dark matter: large-scale structure of Universe, galaxies: haloes, cosmology: theory, dark matter, large-scale structure of Universe},
    year = 2006,
    month = sep,
    volume = 371,
    pages = {1173-1187},
    doi = {10.1111/j.1365-2966.2006.10605.x},
    adsurl = {http://adsabs.harvard.edu/abs/2006MNRAS.371.1173V},
    adsnote = {Provided by the SAO/NASA Astrophysics Data System}
}

@ARTICLE{CSMF,
    author = {{Yang}, X. and {Mo}, H.~J. and {van den Bosch}, F.~C.},
    title = "{The Subhalo-Satellite Connection and the Fate of Disrupted Satellite Galaxies}",
    journal = {\apj},
    archivePrefix = "arXiv",
    eprint = {0808.2526},
    keywords = {dark matter, galaxies: halos, large-scale structure of universe},
    year = 2009,
    month = mar,
    volume = 693,
    pages = {830-838},
    doi = {10.1088/0004-637X/693/1/830},
    adsurl = {http://adsabs.harvard.edu/abs/2009ApJ...693..830Y},
    adsnote = {Provided by the SAO/NASA Astrophysics Data System}
}

@ARTICLE{crisis,
    author = {{Campbell}, D. and {van den Bosch}, F.~C. and {Padmanabhan}, N. and 
    {Mao}, Y.-Y. and {Zentner}, A.~R. and {Lange}, J.~U. and {Jiang}, F. and 
    {Villarreal}, A.},
    title = "{The galaxy clustering crisis in abundance matching}",
    journal = {\mnras},
    archivePrefix = "arXiv",
    eprint = {1705.06347},
    keywords = {galaxies: evolution, galaxies: haloes},
    year = 2018,
    month = jun,
    volume = 477,
    pages = {359-383},
    doi = {10.1093/mnras/sty495},
    adsurl = {http://adsabs.harvard.edu/abs/2018MNRAS.477..359C},
    adsnote = {Provided by the SAO/NASA Astrophysics Data System}
}

@ARTICLE{ConsistentTrees,
    author = {{Behroozi}, P.~S. and {Wechsler}, R.~H. and {Wu}, H.-Y. and 
    {Busha}, M.~T. and {Klypin}, A.~A. and {Primack}, J.~R.},
    title = "{Gravitationally Consistent Halo Catalogs and Merger Trees for Precision Cosmology}",
    journal = {\apj},
    archivePrefix = "arXiv",
    eprint = {1110.4370},
    primaryClass = "astro-ph.CO",
    keywords = {dark matter, galaxies: abundances, galaxies: evolution, methods: numerical },
    year = 2013,
    month = jan,
    volume = 763,
    eid = {18},
    pages = {18},
    doi = {10.1088/0004-637X/763/1/18},
    adsurl = {http://adsabs.harvard.edu/abs/2013ApJ...763...18B},
    adsnote = {Provided by the SAO/NASA Astrophysics Data System}
}

@ARTICLE{Correlation1,
	author = {{Zehavi}, I. and {Weinberg}, D.~H. and {Zheng}, Z. and {Berlind}, A.~A. and 
	{Frieman}, J.~A. and {Scoccimarro}, R. and {Sheth}, R.~K. and 
	{Blanton}, M.~R. and {Tegmark}, M. and {Mo}, H.~J. and {Bahcall}, N.~A. and 
	{Brinkmann}, J. and {Burles}, S. and {Csabai}, I. and {Fukugita}, M. and 
	{Gunn}, J.~E. and {Lamb}, D.~Q. and {Loveday}, J. and {Lupton}, R.~H. and 
	{Meiksin}, A. and {Munn}, J.~A. and {Nichol}, R.~C. and {Schlegel}, D. and 
	{Schneider}, D.~P. and {SubbaRao}, M. and {Szalay}, A.~S. and 
	{Uomoto}, A. and {York}, D.~G. and {SDSS Collaboration}},
	title = "{On Departures from a Power Law in the Galaxy Correlation Function}",
	journal = {\apj},
	eprint = {astro-ph/0301280},
	keywords = {Cosmology: Observations, Cosmology: Theory, Galaxies: Distances and Redshifts, Galaxies: Fundamental Parameters, Galaxies: Statistics, Cosmology: Large-Scale Structure of Universe},
	year = 2004,
	month = jun,
	volume = 608,
	pages = {16-24},
	doi = {10.1086/386535},
	adsurl = {http://adsabs.harvard.edu/abs/2004ApJ...608...16Z},
	adsnote = {Provided by the SAO/NASA Astrophysics Data System}
}

@MISC{DICE,
  author = {{Perret}, V.},
  title = "{DICE: Disk Initial Conditions Environment}",
  keywords = {Software },
  howpublished = {Astrophysics Source Code Library},
  year = 2016,
  month = jul,
  archivePrefix = "ascl",
  eprint = {1607.002},
  adsurl = {http://adsabs.harvard.edu/abs/2016ascl.soft07002P},
  adsnote = {Provided by the SAO/NASA Astrophysics Data System}
}

@ARTICLE{D_Trees,
    author = {{Jiang}, L. and {Helly}, J.~C. and {Cole}, S. and {Frenk}, C.~S.
    },
    title = "{N-body dark matter haloes with simple hierarchical histories}",
    journal = {\mnras},
    archivePrefix = "arXiv",
    eprint = {1311.6649},
    keywords = {methods: numerical, galaxies: haloes, cosmology: theory, dark matter},
    year = 2014,
    month = may,
    volume = 440,
    pages = {2115-2135},
    doi = {10.1093/mnras/stu390},
    adsurl = {http://adsabs.harvard.edu/abs/2014MNRAS.440.2115J},
    adsnote = {Provided by the SAO/NASA Astrophysics Data System}
}

@ARTICLE{EAGLE,
    author = {{Chaves-Montero}, J. and {Angulo}, R.~E. and {Schaye}, J. and 
    {Schaller}, M. and {Crain}, R.~A. and {Furlong}, M. and {Theuns}, T.
    },
    title = "{Subhalo abundance matching and assembly bias in the EAGLE simulation}",
    journal = {\mnras},
    archivePrefix = "arXiv",
    eprint = {1507.01948},
    keywords = {galaxies: evolution, galaxies: formation, galaxies: haloes, dark matter, large-scale structure of Universe},
    year = 2016,
    month = aug,
    volume = 460,
    pages = {3100-3118},
    doi = {10.1093/mnras/stw1225},
    adsurl = {http://adsabs.harvard.edu/abs/2016MNRAS.460.3100C},
    adsnote = {Provided by the SAO/NASA Astrophysics Data System}
}

@ARTICLE{FOF,
    author = {{Davis}, M. and {Efstathiou}, G. and {Frenk}, C.~S. and {White}, S.~D.~M.
    },
    title = "{The evolution of large-scale structure in a universe dominated by cold dark matter}",
    journal = {\apj},
    keywords = {Computational Astrophysics, Cosmology, Galactic Clusters, Galactic Evolution, Missing Mass (Astrophysics), Weak Interactions (Field Theory), Astronomical Models, Computerized Simulation, Correlation, Many Body Problem, Mass Distribution, Mass To Light Ratios, Matter (Physics), Radial Velocity, Red Shift},
    year = 1985,
    month = may,
    volume = 292,
    pages = {371-394},
    doi = {10.1086/163168},
    adsurl = {http://adsabs.harvard.edu/abs/1985ApJ...292..371D},
    adsnote = {Provided by the SAO/NASA Astrophysics Data System}
}

@article{FTT,
	author = {Khokhlov, A.M},
	title = {Fully Threaded Tree Algorithms for Adaptive Refinement Fluid Dynamics Simulations},
	journal = {J. Comput. Phys.},
	issue_date = {July 1, 1998},
	volume = {143},
	number = {2},
	month = jul,
	year = {1998},
	issn = {0021-9991},
	pages = {519--543},
	numpages = {25},
	url = {http://dx.doi.org/10.1006/jcph.1998.9998},
	doi = {10.1006/jcph.1998.9998},
	acmid = {295578},
	publisher = {Academic Press Professional, Inc.},
	address = {San Diego, CA, USA},
} 

@Article{FFTW05,
	author = 	 {Frigo, Matteo and Johnson, Steven~G.},
	title = 	 {The Design and Implementation of {FFTW3}},
	journal = 	 {Proceedings of the IEEE},
	year = 	 2005,
	volume =	 93,
	number =	 2,
	pages =	 {216--231},
	note =	 {Special issue on ``Program Generation, Optimization, and Platform Adaptation''}
}

@ARTICLE{HOD-Berlind,
    author = {{Berlind}, A.~A. and {Weinberg}, D.~H.},
    title = "{The Halo Occupation Distribution: Toward an Empirical Determination of the Relation between Galaxies and Mass}",
    journal = {\apj},
    eprint = {astro-ph/0109001},
    keywords = {Cosmology: Theory, Galaxies: Formation, Cosmology: Large-Scale Structure of Universe, Methods: n-Body Simulations},
    year = 2002,
    month = aug,
    volume = 575,
    pages = {587-616},
    doi = {10.1086/341469},
    adsurl = {http://adsabs.harvard.edu/abs/2002ApJ...575..587B},
    adsnote = {Provided by the SAO/NASA Astrophysics Data System}
}

@ARTICLE{HOD-Seljak,
    author = {{Seljak}, U.},
    title = "{Analytic model for galaxy and dark matter clustering}",
    journal = {\mnras},
    eprint = {astro-ph/0001493},
    keywords = {GALAXIES: CLUSTERS: GENERAL, COSMOLOGY: THEORY, DARK MATTER},
    year = 2000,
    month = oct,
    volume = 318,
    pages = {203-213},
    doi = {10.1046/j.1365-8711.2000.03715.x},
    adsurl = {http://adsabs.harvard.edu/abs/2000MNRAS.318..203S},
    adsnote = {Provided by the SAO/NASA Astrophysics Data System}
}

@ARTICLE{LHaloTree,
    author = {{Springel}, V. and {White}, S.~D.~M. and {Jenkins}, A. and {Frenk}, C.~S. and 
    {Yoshida}, N. and {Gao}, L. and {Navarro}, J. and {Thacker}, R. and 
    {Croton}, D. and {Helly}, J. and {Peacock}, J.~A. and {Cole}, S. and 
    {Thomas}, P. and {Couchman}, H. and {Evrard}, A. and {Colberg}, J. and 
    {Pearce}, F.},
    title = "{Simulations of the formation, evolution and clustering of galaxies and quasars}",
    journal = {\nat},
    eprint = {astro-ph/0504097},
    year = 2005,
    month = jun,
    volume = 435,
    pages = {629-636},
    doi = {10.1038/nature03597},
    adsurl = {http://adsabs.harvard.edu/abs/2005Natur.435..629S},
    adsnote = {Provided by the SAO/NASA Astrophysics Data System}
}

@ARTICLE{LiWhite,
	author = {{Li}, C. and {White}, S.~D.~M.},
	title = "{The distribution of stellar mass in the low-redshift Universe}",
	journal = {\mnras},
	archivePrefix = "arXiv",
	eprint = {0901.0706},
	keywords = {galaxies: clusters: general , galaxies: distances and redshifts , cosmology: theory , dark matter , large-scale structure of Universe},
	year = 2009,
	month = oct,
	volume = 398,
	pages = {2177-2187},
	doi = {10.1111/j.1365-2966.2009.15268.x},
	adsurl = {http://adsabs.harvard.edu/abs/2009MNRAS.398.2177L},
	adsnote = {Provided by the SAO/NASA Astrophysics Data System}
}

@ARTICLE{MAD,
    author = {{Knebe}, A. and {Knollmann}, S.~R. and {Muldrew}, S.~I. and 
    {Pearce}, F.~R. and {Aragon-Calvo}, M.~A. and {Ascasibar}, Y. and 
    {Behroozi}, P.~S. and {Ceverino}, D. and {Colombi}, S. and {Diemand}, J. and 
    {Dolag}, K. and {Falck}, B.~L. and {Fasel}, P. and {Gardner}, J. and 
    {Gottl{\"o}ber}, S. and {Hsu}, C.-H. and {Iannuzzi}, F. and 
    {Klypin}, A. and {Luki{\'c}}, Z. and {Maciejewski}, M. and {McBride}, C. and 
    {Neyrinck}, M.~C. and {Planelles}, S. and {Potter}, D. and {Quilis}, V. and 
    {Rasera}, Y. and {Read}, J.~I. and {Ricker}, P.~M. and {Roy}, F. and 
    {Springel}, V. and {Stadel}, J. and {Stinson}, G. and {Sutter}, P.~M. and 
    {Turchaninov}, V. and {Tweed}, D. and {Yepes}, G. and {Zemp}, M.
    },
    title = "{Haloes gone MAD: The Halo-Finder Comparison Project}",
    journal = {\mnras},
    archivePrefix = "arXiv",
    eprint = {1104.0949},
    keywords = {methods: numerical, galaxies: evolution, galaxies: haloes, cosmology: miscellaneous, cosmology: theory, dark matter},
    year = 2011,
    month = aug,
    volume = 415,
    pages = {2293-2318},
    doi = {10.1111/j.1365-2966.2011.18858.x},
    adsurl = {http://adsabs.harvard.edu/abs/2011MNRAS.415.2293K},
    adsnote = {Provided by the SAO/NASA Astrophysics Data System}
}

@ARTICLE{merger_timescales,
    author = {{Jiang}, C.~Y. and {Jing}, Y.~P. and {Faltenbacher}, A. and 
    {Lin}, W.~P. and {Li}, C.},
    title = "{A Fitting Formula for the Merger Timescale of Galaxies in Hierarchical Clustering}",
    journal = {\apj},
    archivePrefix = "arXiv",
    eprint = {0707.2628},
    keywords = {dark matter, galaxies: clusters: general, galaxies: kinematics and dynamics, methods: numerical},
    year = 2008,
    month = mar,
    volume = 675,
    pages = {1095-1105},
    doi = {10.1086/526412},
    adsurl = {http://adsabs.harvard.edu/abs/2008ApJ...675.1095J},
    adsnote = {Provided by the SAO/NASA Astrophysics Data System}
}

@ARTICLE{Moster,
	author = {{Moster}, B.~P. and {Naab}, T. and {White}, S.~D.~M.},
	title = "{Galactic star formation and accretion histories from matching galaxies to dark matter haloes}",
	journal = {\mnras},
	archivePrefix = "arXiv",
	eprint = {1205.5807},
	keywords = {galaxies: evolution, galaxies: high-redshift, galaxies: statistics, galaxies: stellar content, cosmology: theory, dark matter},
	year = 2013,
	month = feb,
	volume = 428,
	pages = {3121-3138},
	doi = {10.1093/mnras/sts261},
	adsurl = {http://adsabs.harvard.edu/abs/2013MNRAS.428.3121M},
	adsnote = {Provided by the SAO/NASA Astrophysics Data System}
}

@ARTICLE{Moster2010,
	author = {{Moster}, B.~P. and {Somerville}, R.~S. and {Maulbetsch}, C. and 
	{van den Bosch}, F.~C. and {Macci{\`o}}, A.~V. and {Naab}, T. and 
	{Oser}, L.},
	title = "{Constraints on the Relationship between Stellar Mass and Halo Mass at Low and High Redshift}",
	journal = {\apj},
	archivePrefix = "arXiv",
	eprint = {0903.4682},
	primaryClass = "astro-ph.CO",
	keywords = {cosmology: theory, dark matter, galaxies: clusters: general, galaxies: evolution, galaxies: halos, galaxies: high-redshift, galaxies: statistics, galaxies: stellar content, large-scale structure of universe},
	year = 2010,
	month = feb,
	volume = 710,
	pages = {903-923},
	doi = {10.1088/0004-637X/710/2/903},
	adsurl = {http://adsabs.harvard.edu/abs/2010ApJ...710..903M},
	adsnote = {Provided by the SAO/NASA Astrophysics Data System}
}

@BOOK{Mo,
	author= {{Mo}, Houjun and {Van den Bosch}, Frank and {White}, Simon},
	title = {Galaxy formation and evolution},
	year = {2011},
	publisher = { Cambridge University Press}
}

@ARTICLE{MUSIC,
	author = {{Hahn}, O. and {Abel}, T.},
	title = "{Multi-scale initial conditions for cosmological simulations}",
	journal = {\mnras},
	archivePrefix = "arXiv",
	eprint = {1103.6031},
	keywords = {methods: numerical, galaxies: formation, cosmology: theory, large-scale structure of Universe},
	year = 2011,
	month = aug,
	volume = 415,
	pages = {2101-2121},
	doi = {10.1111/j.1365-2966.2011.18820.x},
	adsurl = {http://adsabs.harvard.edu/abs/2011MNRAS.415.2101H},
	adsnote = {Provided by the SAO/NASA Astrophysics Data System}
}

@ARTICLE{Nagai,
    author = {{Nagai}, D. and {Kravtsov}, A.~V.},
    title = "{The Radial Distribution of Galaxies in {$\Lambda$} Cold Dark Matter Clusters}",
    journal = {\apj},
    eprint = {astro-ph/0408273},
    keywords = {Cosmology: Theory, Galaxies: Formation, Methods: Numerical},
    year = 2005,
    month = jan,
    volume = 618,
    pages = {557-568},
    doi = {10.1086/426016},
    adsurl = {http://adsabs.harvard.edu/abs/2005ApJ...618..557N},
    adsnote = {Provided by the SAO/NASA Astrophysics Data System}
}

@article{OBS_bouwens,
    author={R. J. Bouwens and G. D. Illingworth and P. A. Oesch and I. Labbé and M. Trenti and P. van Dokkum and M. Franx and M.
    Stiavelli and C. M. Carollo and D. Magee and V. Gonzalez},
    title={Ultraviolet Luminosity Functions from 132  $z \sim 7$ and $z \sim 8$ Lyman-break Galaxies in the Ultra-deep HUDF09 and Wide-area Early Release Science WFC3/IR Observations},
    url={http://stacks.iop.org/0004-637X/737/i=2/a=90},
    journal={The Astrophysical Journal},
    volume={737},
    number={2},
    pages={90},
    year={2011}
}

@article{OBS_kslee,
    author={Kyoung-Soo Lee and Henry C. Ferguson and Tommy Wiklind and Tomas Dahlen and Mark E. Dickinson and Mauro
    Giavalisco and Norman Grogin and Casey Papovich and Hugo Messias and Yicheng Guo and Lihwai Lin},
    title={How Do Star-forming Galaxies at z > 3 Assemble Their Masses?},
    journal={The Astrophysical Journal},
    volume={752},
    number={1},
    pages={66},
    url={http://stacks.iop.org/0004-637X/752/i=1/a=66},
    year={2012},
}

@ARTICLE{OBS_marchesini,
    author = {{Marchesini}, D. and {van Dokkum}, P.~G. and {F{\"o}rster Schreiber}, N.~M. and 
    {Franx}, M. and {Labb{\'e}}, I. and {Wuyts}, S.},
    title = "{The Evolution of the Stellar Mass Function of Galaxies from z = 4.0 and the First Comprehensive Analysis of its Uncertainties: Evidence for Mass-Dependent Evolution}",
    journal = {\apj},
    archivePrefix = "arXiv",
    eprint = {0811.1773},
    keywords = {galaxies: distances and redshifts, galaxies: evolution, galaxies: formation, galaxies: fundamental parameters, galaxies: high-redshift, galaxies: luminosity function, mass function, galaxies: stellar content, infrared: galaxies},
    year = 2009,
    month = aug,
    volume = 701,
    pages = {1765-1796},
    doi = {10.1088/0004-637X/701/2/1765},
    adsurl = {http://adsabs.harvard.edu/abs/2009ApJ...701.1765M},
    adsnote = {Provided by the SAO/NASA Astrophysics Data System}
}

@article{OBS_mortlock,
    author = {Mortlock, Alice and Conselice, Christopher J. and Bluck, Asa F. L. and Bauer, Amanda E. and Grützbauch, Ruth and Buitrago, Fernando and Ownsworth, Jamie},
    title = {A deep probe of the galaxy stellar mass functions at $z \sim 1 - 3$ with the GOODS NICMOS Survey},
    journal = {Monthly Notices of the Royal Astronomical Society},
    volume = {413},
    number = {4},
    pages = {2845-2859},
    year = {2011},
    doi = {10.1111/j.1365-2966.2011.18357.x},
    URL = {http://dx.doi.org/10.1111/j.1365-2966.2011.18357.x},
    eprint = {/oup/backfile/content_public/journal/mnras/413/4/10.1111/j.1365-2966.2011.18357.x/2/mnras0413-2845.pdf}
    
}

@article{OBS_moustakas,
    author={John Moustakas and Alison L. Coil and James Aird and Michael R. Blanton and Richard J. Cool and Daniel J.
    Eisenstein and Alexander J. Mendez and Kenneth C. Wong and Guangtun Zhu and Stéphane Arnouts},
    title={PRIMUS: Constraints on Star Formation Quenching and Galaxy Merging, and the Evolution of the Stellar Mass Function from z = 0-1},
    journal={The Astrophysical Journal},
    volume={767},
    number={1},
    pages={50},
    url={http://stacks.iop.org/0004-637X/767/i=1/a=50},
    year={2013}
}

@article{OBS_perez-gonzalez,
    author={Pablo G. Pérez-González and George H. Rieke and Victor Villar and Guillermo Barro and Myra Blaylock and Eiichi
    Egami and Jesús Gallego and Armando Gil de Paz and Sergio Pascual and Jaime Zamorano and Jennifer L. Donley},
    title={The Stellar Mass Assembly of Galaxies from z = 0 to z = 4: Analysis of a Sample Selected in the Rest-Frame Near-Infrared with Spitzer},
    journal={The Astrophysical Journal},
    volume={675},
    number={1},
    pages={234},
    url={http://stacks.iop.org/0004-637X/675/i=1/a=234},
    year={2008}}}

@article{OBS_stark,
    author={Daniel P. Stark and Richard S. Ellis and Andrew Bunker and Kevin Bundy and Tom Targett and Andrew Benson and Mark Lacy},
    title={The Evolutionary History of Lyman Break Galaxies Between Redshift 4 and 6: Observing Successive Generations of Massive Galaxies in Formation},
    journal={The Astrophysical Journal},
    volume={697},
    number={2},
    pages={1493},
    url={http://stacks.iop.org/0004-637X/697/i=2/a=1493},
    year={2009}
}

@Article{PHEW,
author={Bleuler, Andreas and Teyssier, Romain and Carassou, S{\'e}bastien and Martizzi, Davide},
title={PHEW: a parallel segmentation algorithm for three-dimensional AMR datasets},
journal={Computational Astrophysics and Cosmology},
year={2015},
volume=2,
number=1,
pages={1--16},
issn={2197-7909},
doi={10.1186/s40668-015-0009-7},
url={http://dx.doi.org/10.1186/s40668-015-0009-7}
}

@ARTICLE{PKDGRAV,
    author = {{Potter}, D. and {Stadel}, J. and {Teyssier}, R.},
    title = "{PKDGRAV3: beyond trillion particle cosmological simulations for the next era of galaxy surveys}",
    journal = {Computational Astrophysics and Cosmology},
    archivePrefix = "arXiv",
    eprint = {1609.08621},
    primaryClass = "astro-ph.IM",
    keywords = {cosmology, astrophysics, simulations},
    year = 2017,
    month = may,
    volume = 4,
    eid = {2},
    pages = {2},
    doi = {10.1186/s40668-017-0021-1},
    adsurl = {http://adsabs.harvard.edu/abs/2017ComAC...4....2P},
    adsnote = {Provided by the SAO/NASA Astrophysics Data System}
}

@ARTICLE{Planck2015,
	author = {{Planck Collaboration} and {Ade}, P.~A.~R. and {Aghanim}, N. and 
	{Arnaud}, M. and {Ashdown}, M. and {Aumont}, J. and {Baccigalupi}, C. and 
	{Banday}, A.~J. and {Barreiro}, R.~B. and {Bartlett}, J.~G. and et al.},
	title = "{Planck 2015 results. XIII. Cosmological parameters}",
	journal = {\aap},
	archivePrefix = "arXiv",
	eprint = {1502.01589},
	keywords = {cosmology: observations, cosmology: theory, cosmic background radiation, cosmological parameters},
	year = 2016,
	month = sep,
	volume = 594,
	eid = {A13},
	pages = {A13},
	doi = {10.1051/0004-6361/201525830},
	adsurl = {http://adsabs.harvard.edu/abs/2016A%26A...594A..13P},
	adsnote = {Provided by the SAO/NASA Astrophysics Data System}
}

@article{ramses,
	author = "{{Teyssier}, R.}",
	title = "{Cosmological hydrodynamics with adaptive mesh refinement. A new high resolution code called RAMSES}",
	journal = {\aap},
	eprint = {astro-ph/0111367},
	keywords = {GRAVITATION, HYDRODYNAMICS, METHODS: NUMERICAL, COSMOLOGY: THEORY, COSMOLOGY: LARGE-SCALE STRUCTURE OF UNIVERSE},
	year = 2002,
	month = apr,
	volume = 385,
	pages = {337-364},
	doi = {10.1051/0004-6361:20011817},
	adsurl = {http://adsabs.harvard.edu/abs/2002A%26A...385..337T},
	adsnote = {Provided by the SAO/NASA Astrophysics Data System}
}

@ARTICLE{SA-white,
    author = {{White}, S.~D.~M. and {Frenk}, C.~S.},
    title = "{Galaxy formation through hierarchical clustering}",
    journal = {\apj},
    keywords = {Galactic Clusters, Galactic Evolution, Galactic Structure, Star Distribution, Star Formation, Analytic Functions, Brightness Distribution, Cosmology, Dark Matter, Halos, Numerical Analysis},
    year = 1991,
    month = sep,
    volume = 379,
    pages = {52-79},
    doi = {10.1086/170483},
    adsurl = {http://adsabs.harvard.edu/abs/1991ApJ...379...52W},
    adsnote = {Provided by the SAO/NASA Astrophysics Data System}
}

@ARTICLE{SA-durham,
    author = {{Bower}, R.~G. and {Benson}, A.~J. and {Malbon}, R. and {Helly}, J.~C. and 
    {Frenk}, C.~S. and {Baugh}, C.~M. and {Cole}, S. and {Lacey}, C.~G.
    },
    title = "{Breaking the hierarchy of galaxy formation}",
    journal = {\mnras},
    eprint = {astro-ph/0511338},
    keywords = {galaxies: evolution: galaxies: formation: galaxies: luminosity function, galaxies: evolution, galaxies: formation, galaxies: luminosity function},
    year = 2006,
    month = aug,
    volume = 370,
    pages = {645-655},
    doi = {10.1111/j.1365-2966.2006.10519.x},
    adsurl = {http://adsabs.harvard.edu/abs/2006MNRAS.370..645B},
    adsnote = {Provided by the SAO/NASA Astrophysics Data System}
}

@ARTICLE{SA-Somerville,
    author = {{Somerville}, R.~S. and {Primack}, J.~R.},
    title = "{Semi-analytic modelling of galaxy formation: the local Universe}",
    journal = {\mnras},
    eprint = {astro-ph/9802268},
    keywords = {GALAXIES: EVOLUTION, GALAXIES: FORMATION, COSMOLOGY: THEORY},
    year = 1999,
    month = dec,
    volume = 310,
    pages = {1087-1110},
    doi = {10.1046/j.1365-8711.1999.03032.x},
    adsurl = {http://adsabs.harvard.edu/abs/1999MNRAS.310.1087S},
    adsnote = {Provided by the SAO/NASA Astrophysics Data System}
}

@ARTICLE{SA-Kaufmann,
    author = {{Kauffmann}, G. and {White}, S.~D.~M. and {Guiderdoni}, B.},
    title = "{The Formation and Evolution of Galaxies Within Merging Dark Matter Haloes}",
    journal = {\mnras},
    year = 1993,
    month = sep,
    volume = 264,
    pages = {201},
    doi = {10.1093/mnras/264.1.201},
    adsurl = {http://adsabs.harvard.edu/abs/1993MNRAS.264..201K},
    adsnote = {Provided by the SAO/NASA Astrophysics Data System}
}

@ARTICLE{SHAM-Kravtsov,
    author = {{Kravtsov}, A.~V. and {Berlind}, A.~A. and {Wechsler}, R.~H. and 
    {Klypin}, A.~A. and {Gottl{\"o}ber}, S. and {Allgood}, B. and 
    {Primack}, J.~R.},
    title = "{The Dark Side of the Halo Occupation Distribution}",
    journal = {\apj},
    eprint = {astro-ph/0308519},
    keywords = {Cosmology: Theory, Galaxies: Formation, Galaxies: Halos, Cosmology: Large-Scale Structure of Universe, Methods: Numerical},
    year = 2004,
    month = jul,
    volume = 609,
    pages = {35-49},
    doi = {10.1086/420959},
    adsurl = {http://adsabs.harvard.edu/abs/2004ApJ...609...35K},
    adsnote = {Provided by the SAO/NASA Astrophysics Data System}
}

@ARTICLE{SHAM-Vale-Ostriker,
    author = {{Vale}, A. and {Ostriker}, J.~P.},
    title = "{Linking halo mass to galaxy luminosity}",
    journal = {\mnras},
    eprint = {astro-ph/0402500},
    keywords = {galaxies: haloes, cosmology: theory, dark matter, large-scale structure of Universe},
    year = 2004,
    month = sep,
    volume = 353,
    pages = {189-200},
    doi = {10.1111/j.1365-2966.2004.08059.x},
    adsurl = {http://adsabs.harvard.edu/abs/2004MNRAS.353..189V},
    adsnote = {Provided by the SAO/NASA Astrophysics Data System}
}



@PHDTHESIS{skid,
    author = {{Stadel}, J.~G.},
    title = "{Cosmological N-body simulations and their analysis}",
    school = {UNIVERSITY OF WASHINGTON},
    year = 2001,
    adsurl = {http://adsabs.harvard.edu/abs/2001PhDT........21S},
    adsnote = {Provided by the SAO/NASA Astrophysics Data System}
}

@ARTICLE{SO,
    author = {{Press}, W.~H. and {Schechter}, P.},
    title = "{Formation of Galaxies and Clusters of Galaxies by Self-Similar Gravitational Condensation}",
    journal = {\apj},
    year = 1974,
    month = feb,
    volume = 187,
    pages = {425-438},
    doi = {10.1086/152650},
    adsurl = {http://adsabs.harvard.edu/abs/1974ApJ...187..425P},
    adsnote = {Provided by the SAO/NASA Astrophysics Data System}
}

@ARTICLE{subfind,
    author = {{Springel}, V. and {White}, S.~D.~M. and {Tormen}, G. and {Kauffmann}, G.
    },
    title = "{Populating a cluster of galaxies - I. Results at [formmu2]z=0}",
    journal = {\mnras},
    eprint = {astro-ph/0012055},
    keywords = {GALAXIES: CLUSTERS: GENERAL, GALAXIES: FORMATION, DARK MATTER},
    year = 2001,
    month = dec,
    volume = 328,
    pages = {726-750},
    doi = {10.1046/j.1365-8711.2001.04912.x},
    adsurl = {http://adsabs.harvard.edu/abs/2001MNRAS.328..726S},
    adsnote = {Provided by the SAO/NASA Astrophysics Data System}
}

@ARTICLE{SUSSING_COMPARISON,
	author = {{Srisawat}, C. and {Knebe}, A. and {Pearce}, F.~R. and {Schneider}, A. and 
	{Thomas}, P.~A. and {Behroozi}, P. and {Dolag}, K. and {Elahi}, P.~J. and 
	{Han}, J. and {Helly}, J. and {Jing}, Y. and {Jung}, I. and 
	{Lee}, J. and {Mao}, Y.-Y. and {Onions}, J. and {Rodriguez-Gomez}, V. and 
	{Tweed}, D. and {Yi}, S.~K.},
	title = "{Sussing Merger Trees: The Merger Trees Comparison Project}",
	journal = {\mnras},
	archivePrefix = "arXiv",
	eprint = {1307.3577},
	primaryClass = "astro-ph.CO",
	keywords = {methods: numerical, galaxies: evolution, galaxies: haloes, dark matter},
	year = 2013,
	month = nov,
	volume = 436,
	pages = {150-162},
	doi = {10.1093/mnras/stt1545},
	adsurl = {http://adsabs.harvard.edu/abs/2013MNRAS.436..150S},
	adsnote = {Provided by the SAO/NASA Astrophysics Data System}
}

@ARTICLE{SUSSING_CONVERGENCE,
	author = {{Wang}, Y. and {Pearce}, F.~R. and {Knebe}, A. and {Schneider}, A. and 
	{Srisawat}, C. and {Tweed}, D. and {Jung}, I. and {Han}, J. and 
	{Helly}, J. and {Onions}, J. and {Elahi}, P.~J. and {Thomas}, P.~A. and 
	{Behroozi}, P. and {Yi}, S.~K. and {Rodriguez-Gomez}, V. and 
	{Mao}, Y.-Y. and {Jing}, Y. and {Lin}, W.},
	title = "{Sussing merger trees: stability and convergence}",
	journal = {\mnras},
	archivePrefix = "arXiv",
	eprint = {1604.01463},
	keywords = {methods: numerical, galaxies: haloes- galaxies: evolution, dark matter},
	year = 2016,
	month = jun,
	volume = 459,
	pages = {1554-1568},
	doi = {10.1093/mnras/stw726},
	adsurl = {http://adsabs.harvard.edu/abs/2016MNRAS.459.1554W},
	adsnote = {Provided by the SAO/NASA Astrophysics Data System}
}

@ARTICLE{SUSSING_HALOFINDER,
	author = {{Avila}, S. and {Knebe}, A. and {Pearce}, F.~R. and {Schneider}, A. and 
	{Srisawat}, C. and {Thomas}, P.~A. and {Behroozi}, P. and {Elahi}, P.~J. and 
	{Han}, J. and {Mao}, Y.-Y. and {Onions}, J. and {Rodriguez-Gomez}, V. and 
	{Tweed}, D.},
	title = "{SUSSING MERGER TREES: the influence of the halo finder}",
	journal = {\mnras},
	archivePrefix = "arXiv",
	eprint = {1402.2381},
	keywords = {methods: numerical, galaxies: evolution, galaxies: haloes, dark matter},
	year = 2014,
	month = jul,
	volume = 441,
	pages = {3488-3501},
	doi = {10.1093/mnras/stu799},
	adsurl = {http://adsabs.harvard.edu/abs/2014MNRAS.441.3488A},
	adsnote = {Provided by the SAO/NASA Astrophysics Data System}
}

@ARTICLE{wechsler_connection,
    author = {{Wechsler}, R.~H. and {Tinker}, J.~L.},
    title = "{The Connection between Galaxies and their Dark Matter Halos}",
    journal = {ArXiv e-prints},
    archivePrefix = "arXiv",
    eprint = {1804.03097},
    keywords = {Astrophysics - Astrophysics of Galaxies, Astrophysics - Cosmology and Nongalactic Astrophysics},
    year = 2018,
    month = apr,
    adsurl = {http://adsabs.harvard.edu/abs/2018arXiv180403097W},
    adsnote = {Provided by the SAO/NASA Astrophysics Data System}
}

@ARTICLE{Yang,
    author = {{Yang}, X. and {Mo}, H.~J. and {van den Bosch}, F.~C. and {Zhang}, Y. and 
    {Han}, J.},
    title = "{Evolution of the Galaxy-Dark Matter Connection and the Assembly of Galaxies in Dark Matter Halos}",
    journal = {\apj},
    archivePrefix = "arXiv",
    eprint = {1110.1420},
    keywords = {dark matter, galaxies: halos, large-scale structure of universe},
    year = 2012,
    month = jun,
    volume = 752,
    eid = {41},
    pages = {41},
    doi = {10.1088/0004-637X/752/1/41},
    adsurl = {http://adsabs.harvard.edu/abs/2012ApJ...752...41Y},
    adsnote = {Provided by the SAO/NASA Astrophysics Data System}
}



